@incollection{NIPS2015_5956,
title = {Scheduled Sampling for Sequence Prediction with Recurrent Neural Networks},
author = {Bengio, Samy and Vinyals, Oriol and Jaitly, Navdeep and Shazeer, Noam},
booktitle = {Advances in Neural Information Processing Systems 28},
editor = {C. Cortes and N. D. Lawrence and D. D. Lee and M. Sugiyama and R. Garnett},
pages = {1171--1179},
year = {2015},
publisher = {Curran Associates, Inc.},
url = {http://papers.nips.cc/paper/5956-scheduled-sampling-for-sequence-prediction-with-recurrent-neural-networks.pdf}
}
